=LDR  02597cas a22006853  4500
=001  001807252
=003  Uk
=005  20221231160059.0
=007  ta
=008  881130d196u1966enkqr\p\\\\\\\0\\\a0eng\\
=019  x\$a1593230044
=019  c\$a2080628
=022  0\$a0538-6837$202
=040  \\$aUk$cUk$dUk
=042  \\$aissnk
=222  \0$aICEF review
=245  00$aICEF review.
=246  3\$aInternational Council for Educational Films review
=246  31$aRevue du CIFE
=264  \1$aLondon :$bPergamon Press Ltd.
=300  \\$billustrations (black and white) ;$c24 cm
=336  \\$atext$2rdacontent
=337  \\$aunmediated$2rdamedia
=338  \\$avolume$2rdacarrier
=362  0\$a-volume 2, no. 4 (December 1966).
=540  \\$aCurrent Copyright Fee: GBP25.00$c0$5Uk
=588  \\$aDescription based on: volume 1, no. 7 (December 1965).
=595  \\$aCONTD AS 1789.03 SEE ALSO SERIAL RECORDS SCE.
=710  2\$aInternational Council for Educational Films,$eissuing body.
=785  00$tAudio visual media$x0571-8716
=852  41$aBritish Library$bHMNTS$jP.521/27.
=852  41$aBritish Library$bDSC$j4361.400000$3Vol. 1, no. 7 (1965)-v. 2, no. 4 (1966)***UKRR Retained Title
=945  \\$aICEF REVIEW.
=959  \\$fHeld but not currently received
=963  \\$aVOL. 1(6), 1965- 2(4), 1966 *A=1$bN$cL240.C.1031
=985  \\$aCorrected by BSS-generated file for WR# 11/211
=985  \\$aCorrected by MS generated file for WR# 1805-0738
=ACF  \\$aPrevious Copyright Fee: GBP17.50$c0$e01-jan-2018$fGBP17.50$g0$hA$5Uk
=ACF  \\$aPrevious Copyright Fee: GBP20.00$c0$e01-jan-2020$fGBP20.00$g0$hA$5Uk
=CAT  \\$aCONV$b00$c20040502$lBLL01$h0928
=CAT  \\$aBATCH$b00$c20091128$lBLL01$h2349
=CAT  \\$aBLSS-CORR$b00$c20120210$lBLL01$h1536
=CAT  \\$a1805-0738$c20181012$lBLL01$h1829
=CAT  \\$a1805-0738$b00$c20181012$lBLL01$h1859
=CAT  \\$a10806$b40$c20200210$lBLL01$h1454
=CAT  \\$a10806$b40$c20200210$lBLL01$h1509
=CAT  \\$aBATCH-CLA$b00$c20201204$lBLL01$h1300
=CAT  \\$aIPL-CLA$c20201231$lBLL01$h1639
=CAT  \\$aBATCH-CLA$b00$c20221221$lBLL01$h1554
=CAT  \\$aIPL-CLA$c20221231$lBLL01$h1600
=CFI  0\$aCurrent Copyright Fee: GBP25.00$c0$e01-jan-2023$fGBP25.00$g0$hA$5Uk
=CFI  2\$aPrevious Copyright Fee: GBP22.50$c0$e01-jan-2021$fGBP22.50$g0$hA$5Uk
=FIN  \\$aY
=FMT  \\$a  SE
=LAS  \\$aIPL-CLA$b00$c20221231$lBLL01$h1600
=LEO  \\$aMP10.0000274384
=LEO  \\$aMP1.0001910053
=SRC  \\$aDSS01$bbibmp10.200404.2.aa
=SRC  \\$aBLS01$bbibmp1.200404.2.ac
=TCO  \\$aZZZ$c008

