=LDR  02294 as a2200697 a 4500
=001  007077079
=003  Uk
=005  20140617113734.0
=006  ab\\\|||||||||||||
=007  ta
=008  000111d19991999enkar\\\\\\\\\0\\\a0eng\\
=015  \\$aGB9982890$2bnb
=019  y\$ab9982890
=019  9\$ab9982890
=019  0\$as652980007
=022  0\$a1468-3520$202
=039  0\$a2570
=040  \\$aUk$cUk$dUK
=042  \\$aissnuk#
=082  04$a338.43717$221
=084  \\$aWD 44$2blsrissc
=210  0\$aSign str. furnit. ind.
=222  \0$aSign & street furniture industry
=245  04$aThe sign & street furniture industry.
=260  \\$aHampton :$bSchober Direct Marketing,$c1999.
=300  \\$a1 v. :$bmaps ;$c30 cm.
=310  \\$aAnnual
=336  \\$atext$2rdacontent
=337  \\$aunmediated$2rdamedia
=338  \\$avolume$2rdacarrier
=362  0\$aEd. 22 (1999)
=530  \\$aAlso available electronically.
=597  \\$aEnhanced$bSRIS DDC
=650  \0$aStreets$zGreat Britain$xAccessories$vDirectories.
=650  \0$aStreets$zGreat Britain$xAccessories$xFinance$vStatistics$vPeriodicals.
=690  7\$aManagement and Business Studies$2blcoll
=710  2\$aSchober Direct Marketing.
=780  00$tFinancial survey. The sign and street furniture industry (Print)$x1365-9286
=785  00$tFinancial survey report. The sign & street furniture industry$x1472-7471
=852  71$aBritish Library$bSTI$cRES$k(XP)$hWD 44$m-E(8)$2blsrissc$3Ed. 22 (1999)
=957  \\$a991028c
=CAT  \\$aCONV$b00$c20040425$lBLL90$h0617
=CAT  \\$aCONV$b00$c20040502$lBLL01$h1209
=CAT  \\$aglobal_upd$b40$c20060417$lBLL01$h1547
=CAT  \\$aBATCH$b00$c20090517$lBLL01$h1806
=CAT  \\$aWR09-126
=CAT  \\$aBATCH-UPD$b00$c20090904$lBLL01$h1706
=CAT  \\$aBATCH$b00$c20091118$lBLL01$h2237
=CAT  \\$a6537$b40$c20140617$lBLL01$h1137
=CAT  \\$aWR14_140$c20140905$lBLL01$h1713
=FIN  \\$aY
=FMT  \\$a  SE
=LAS  \\$aWR14_140$b00$c20140905$lBLL01$h1713
=LEO  \\$aMP5.0001514641
=LEO  \\$aMP22.0000062513
=LEO  \\$aMP25.0000335265
=SRC  \\$aDSS03$bbibsr.200404.2.aa
=SRC  \\$aBNB03$bbibmp5.200404.2.ac
=SRC  \\$aISN01$bbibmp22.200404.2.aa
=SRC  \\$aSRI01$bbibmp25.200404.2.aa
=TCO  \\$aCLA$bCLA$c008

