=LDR  05623cas a22012857a 4500
=001  007248739
=003  Uk
=005  20230210004318.0
=007  ta
=008  970310d19952006enkux\\\\\\\\\0\\\a0eng\\
=015  \\$aGB9726752$2bnb
=019  c\$a1074541
=019  y\$ab9726752
=019  9\$ab9726752
=019  1\$ab9726752
=022  0\$a1367-6059$202
=039  0\$a2435
=040  \\$aUk$cUk$dUk
=042  \\$aissnukll
=082  04$a338.40941$221
=210  0\$aConcess. fares
=222  \0$aConcessionary fares
=245  00$aConcessionary fares.
=246  13$aConcessionary fares UK
=246  14$aUK concessionary fares schemes
=260  \\$aPreston (Britannic House, 1a Chapel St., Preston, PR1 8BU) :$bTAS Publications & Events,$c1995-2006.
=300  \\$av. ;$c32 cm.
=336  \\$atext$2rdacontent
=337  \\$aunmediated$2rdamedia
=338  \\$avolume$2rdacarrier
=362  0\$a1995-
=362  1\$aCeased in 2006.
=500  \\$aCover title: UK conessionary fares schemes.
=500  \\$aIn ring binder.
=540  \\$aCurrent Copyright Fee: GBP25.00$c0$5Uk
=650  \0$aLocal transit$xFares$zGreat Britain$vPeriodicals.
=690  7\$aManagement and Business Studies$2blcoll
=776  0\$tConcessionary fares UK$c(Online)$x1752-6531
=852  41$aBritish Library$bHMNTS$jZK.9.d.1297$31995-2006
=852  41$aBritish Library$bDSC$cV$j3399.433920$32003
=945  \\$aCONCESSIONARY FARES UK.
=959  \\$fHeld but not currently received
=ACF  \\$aPrevious Copyright Fee: GBP12.00$c0$e01-apr-2012$fGBP12.00$g0$hC$5Uk
=ACF  \\$aPrevious Copyright Fee: GBP12.00$c0$e01-jan-2012$fGBP12.00$g0$hC$5Uk
=ACF  \\$aPrevious Copyright Fee: GBP10.50$c0$e01-oct-2011$fGBP10.50$g0$hC$5Uk
=ACF  \\$aPrevious Copyright Fee: GBP10.50$c0$e01-jul-2011$fGBP10.50$g0$hC$5Uk
=ACF  \\$aPrevious Copyright Fee: GBP10.50$c0$e01-apr-2011$fGBP10.50$g0$hC$5Uk
=ACF  \\$aPrevious Copyright Fee: GBP10.50$c0$e01-jan-2011$fGBP10.50$g0$hC$5Uk
=ACF  \\$aPrevious Copyright Fee: GBP9.00$c0$e01-oct-2010$fGBP9.00$g0$hC$5Uk
=ACF  \\$aPrevious Copyright Fee: GBP9.00$c0$e01-jul-2010$fGBP9.00$g0$hC$5Uk
=ACF  \\$aPrevious Copyright Fee: GBP9.00$c0$e01-apr-2010$fGBP9.00$g0$hC$5Uk
=ACF  \\$aPrevious Copyright Fee: GBP9.00$c0$e01-Jan-2010$fGBP9.00$g0$hC$5Uk
=ACF  \\$aPrevious Copyright Fee: GBP6.00$c0$e01-oct-2009$fGBP6.00$g0$hC$5Uk
=ACF  \\$aPrevious Copyright Fee: GBP6.00$c0$e01-jul-2009$fGBP6.00$g0$hC$5Uk
=ACF  \\$aPrevious Copyright Fee: GBP6.00$c0$e01-apr-2009$fGBP6.00$g0$hC$5Uk
=ACF  \\$aPrevious Copyright Fee: GBP6.00$c0$e01-jan-2009$fGBP6.00$g0$hC$5Uk
=ACF  \\$aBritish Library not licensed to copy$c0$e01-oct-2008$hC$iCLA Excluded$5Uk
=ACF  \\$aPrevious Copyright Fee: GBP6.00$c0$e01-jul-2008$fGBP6.00$g0$hC$5Uk
=ACF  \\$aPrevious Copyright Fee: GBP6.00$c0$e01-apr-2008$fGBP6.00$g0$hC$5Uk
=ACF  \\$aPrevious copyright fee: GBP5.00$c0$e07-apr-2004$fGBP5.00$g0$hA$5Uk
=ACF  \\$aPrevious Copyright Fee: GBP12.00$c0$e01-jul-2012$fGBP12.00$g0$hC$5Uk
=ACF  \\$aPrevious Copyright Fee: GBP12.00$c0$e01-oct-2012$fGBP12.00$g0$hC$5Uk
=ACF  \\$aPrevious Copyright Fee: GBP12.30$c0$e01-jan-2014$fGBP12.30$g0$hC$5Uk
=ACF  \\$aPrevious Copyright Fee: GBP15.00$c0$e01-jan-2017$fGBP15.00$g0$hC$5Uk
=ACF  \\$aPrevious Copyright Fee: GBP17.50$c0$e01-jan-2018$fGBP17.50$g0$hC$5Uk
=ACF  \\$aPrevious Copyright Fee: GBP20.00$c0$e01-jan-2020$fGBP20.00$g0$hC$5Uk
=ACF  \\$aPrevious Copyright Fee: GBP22.50$c0$e01-jan-2021$fGBP22.50$g0$hC$5Uk
=CAT  \\$aWR09-126
=CAT  \\$aIPL-CLA$c20110930$lBLL01$h1506
=CAT  \\$aBATCH-CLA$b00$c20111130$lBLL01$h1209
=CAT  \\$aIPL-CLA$c20111230$lBLL01$h1702
=CAT  \\$aBATCH-CLA$b00$c20120229$lBLL01$h1626
=CAT  \\$aIPL-CLA$c20120330$lBLL01$h1352
=CAT  \\$aBATCH-CLA$b00$c20120531$lBLL01$h1712
=CAT  \\$aIPL-CLA$c20120629$lBLL01$h0948
=CAT  \\$aBATCH-CLA$b00$c20120831$lBLL01$h1530
=CAT  \\$aIPL-CLA$c20120930$lBLL01$h2001
=CAT  \\$aBATCH-CLA$b00$c20121103$lBLL01$h1025
=CAT  \\$aWR13.005$c20130323$lBLL01$h1315
=CAT  \\$a7792$b40$c20130423$lBLL01$h1123
=CAT  \\$aBATCH-CLA$b00$c20131129$lBLL01$h1645
=CAT  \\$aIPL-CLA$c20131231$lBLL01$h1846
=CAT  \\$aWR14_140$c20140905$lBLL01$h1719
=CAT  \\$aBATCH-CLA$b00$c20161130$lBLL01$h1641
=CAT  \\$aIPL-CLA$c20161230$lBLL01$h1806
=CAT  \\$aBATCH-CLA$b00$c20171130$lBLL01$h1649
=CAT  \\$aIPL-CLA$c20171231$lBLL01$h1342
=CAT  \\$aBATCH-CLA$b00$c20191129$lBLL01$h1628
=CAT  \\$aIPL-CLA$c20191231$lBLL01$h1716
=CAT  \\$aBATCH-CLA$b00$c20201126$lBLL01$h1415
=CAT  \\$aIPL-CLA$c20201231$lBLL01$h1911
=CAT  \\$aBATCH-CLA$b00$c20221130$lBLL01$h1443
=CAT  \\$aIPL-CLA$c20221231$lBLL01$h1827
=CAT  \\$aBATCH-CLA$b00$c20230209$lBLL01$h1530
=CAT  \\$aIPL-CLA$c20230210$lBLL01$h0043
=CFI  0\$aCurrent Copyright Fee: GBP25.00$c0$e09-feb-2023$fGBP25.00$g0$hC$5Uk
=CFI  2\$aBritish Library not licensed to copy$c0$e01-jan-2023$hC$iCFP Excluded$5Uk
=FIN  \\$aY
=FMT  \\$a  SE
=LAS  \\$aIPL-CLA$b00$c20230210$lBLL01$h0043
=LEO  \\$aMP10.0000161037
=LEO  \\$aMP5.0000841091
=LEO  \\$aMP13.0000341200
=LEO  \\$aMP22.0000053999
=LKR  \\$aPAR$b013565558$lBLL01$r776$mConcessionary fares$nConcessionary fares UK (Online)
=SRC  \\$aDSS01$bbibmp10.200404.2.aa
=SRC  \\$aBNB03$bbibmp5.200404.2.ab
=SRC  \\$aHSS01$bbibmp13.200404.2.aa
=SRC  \\$aISN01$bbibmp22.200404.2.aa
=TCO  \\$aCLA$bCLA$c008

