=LDR  04226cas a22011057a 4500
=001  010540849
=003  Uk
=005  20221231195323.0
=007  ta
=008  780915c19769999enk\|\p\\\\\\\0\\\a0eng\\
=015  \\$aGB7830445$2bnb
=019  y\$aB7830445
=019  9\$ab7830445
=019  1\$ab7830445
=019  1\$ar6201706
=019  c\$a2307053
=022  0\$a0141-9390$202
=040  \\$aUk$cUk
=042  \\$aissnul
=043  \\$ae-uk---
=082  04$a331.25/92$219
=210  0\$aTalking train.
=222  \0$aTalking training
=245  00$aTalking training
=260  \\$aNottingham :$bKnitting. Lace and Net Industry Training Board
=300  \\$c30 cm.
=336  \\$atext$2rdacontent
=337  \\$aunmediated$2rdamedia
=338  \\$avolume$2rdacarrier
=362  0\$aNo. 1-
=500  \\$aFrequency varies.
=540  \\$aCurrent Copyright Fee: GBP25.00$c0$5Uk
=650  \0$aKnit goods industry$zGreat Britain$vPeriodicals.
=650  \0$aLace and lace making$zGreat Britain$vPeriodicals.
=650  \0$aEmployees, Training of$zGreat Britain$vPeriodicals.
=653  \\$aGreat Britain$aKnitting, lace & net industries$aIndustrial training$aSerials
=690  7\$aManagement and Business Studies$2blcoll
=690  7\$aSocial Welfare$2blcoll
=710  2\$aKnitting, Lace and Net Industry Training Board.
=852  41$aBritish Library$bHMNTS$jBS:23/897$3No. 1-
=945  \\$aTALKING TRAINING.
=963  \\$a1976- *A=1$bN$cOP.1100.263.04
=979  \\$aBritish Library$bDSC$j8601.407600N
=985  \\$aRecord merged by DQ team
=ACF  \\$aPrevious copyright fee: GBP5.00$c0$e01-jul-2002$fGBP5.00$g0$hC$5Uk
=ACF  \\$aCurrent copyright fee: GBP4.40$c0$e01-jul-1998$fGBP4.40$g0$hA$5Uk
=ACF  \\$aCurrent copyright fee: GBP4.20$c0$e01-apr-1997$fGBP4.20$g0$hA$5Uk
=ACF  \\$aPrevious copyright fee: GBP10.50$c0$e01-jan-2011$fGBP10.50$g0$hA$5Uk
=ACF  \\$aPrevious copyright fee: GBP12.00$c0$e01-jan-2012$fGBP12.00$g0$hA$5Uk
=ACF  \\$aPrevious Copyright Fee: GBP12.30$c0$e01-jan-2014$fGBP12.30$g0$hA$5Uk
=ACF  \\$aPrevious Copyright Fee: GBP15.00$c0$e01-jan-2017$fGBP15.00$g0$hA$5Uk
=ACF  \\$aPrevious Copyright Fee: GBP17.50$c0$e01-jan-2018$fGBP17.50$g0$hA$5Uk
=ACF  \\$aPrevious Copyright Fee: GBP20.00$c0$e01-jan-2020$fGBP20.00$g0$hA$5Uk
=CAT  \\$aglobal_upd$b40$c20060417$lBLL01$h1743
=CAT  \\$aBATCH$b00$c20090619$lBLL01$h1826
=CAT  \\$aWR09-126
=CAT  \\$aBATCH-UPD$b00$c20090904$lBLL01$h1719
=CAT  \\$aBATCH$b00$c20091210$lBLL01$h0218
=CAT  \\$aBATCH$b00$c20110625$lBLL01$h0430
=CAT  \\$aBATCH-SWP4$c20110627$lBLL01$h1506
=CAT  \\$a8456$b40$c20111128$lBLL01$h1017
=CAT  \\$aWR11_203$c20111204$lBLL01$h1418
=CAT  \\$aIPL-CLA$c20111230$lBLL01$h1856
=CAT  \\$aBATCH-CLA$b00$c20121107$lBLL01$h1918
=CAT  \\$aWR13.005$c20130323$lBLL01$h1203
=CAT  \\$aBATCH-CLA$c20131219$lBLL01$h1822
=CAT  \\$aIPL-CLA$c20131231$lBLL01$h2138
=CAT  \\$aWR14_140$c20140905$lBLL01$h1743
=CAT  \\$aBATCH-CLA$b00$c20161222$lBLL01$h1737
=CAT  \\$aIPL-CLA$c20161230$lBLL01$h1950
=CAT  \\$aBATCH-CLA$b00$c20171222$lBLL01$h2042
=CAT  \\$aIPL-CLA$c20171231$lBLL01$h1522
=CAT  \\$aBATCH-CLA$b00$c20191219$lBLL01$h1703
=CAT  \\$aIPL-CLA$c20191231$lBLL01$h1834
=CAT  \\$aR2001-1524$c20200127$lBLL01$h1946
=CAT  \\$aBATCH-CLA$b00$c20201204$lBLL01$h1501
=CAT  \\$aIPL-CLA$c20201231$lBLL01$h2045
=CAT  \\$aBATCH-CLA$b00$c20221221$lBLL01$h1807
=CAT  \\$aIPL-CLA$c20221231$lBLL01$h1953
=CFI  0\$aCurrent Copyright Fee: GBP25.00$c0$e01-jan-2023$fGBP25.00$g0$hA$5Uk
=CFI  2\$aPrevious Copyright Fee: GBP22.50$c0$e01-jan-2021$fGBP22.50$g0$hA$5Uk
=FIN  \\$aY
=FMT  \\$a  SE
=LAS  \\$aIPL-CLA$b00$c20221231$lBLL01$h1953
=LEO  \\$aMP13.0000952005
=LEO  \\$aMP22.0000005085
=LEO  \\$aMP5.0000495091
=LEO  \\$aMP13.0000248244
=LEO  \\$aMP10.0000565126
=SRC  \\$aHSS01$bbibmp13.200404.2.ab
=SRC  \\$aISN01$bbibmp22.200404.2.aa
=SRC  \\$aBNB03$bbibmp5.200404.2.aa
=SRC  \\$aHSS01$bbibmp13.200404.2.aa
=SRC  \\$aDSS01$bbibmp10.200404.2.aa
=TCO  \\$aCLA$bCLA$c008

