=LDR  04671cas a2201165ua 4500
=001  011180472
=003  Uk
=005  20221231201218.0
=006  aac\\|||||||||||||
=007  ta
=008  821222d19821985enkmr\p\\\\\\\0\\\a0eng\\
=015  \\$aGB8333954$2bnb
=019  y\$ab8333954
=019  9\$ab8333954
=019  1\$ab8333954
=019  0\$as145324028
=019  c\$a2224044
=022  0\$a0264-1321$202
=039  0\$a1756
=040  \\$aUk$cUk$dUk
=042  \\$aissnul
=050  00$aTK6655.V5
=082  04$a621.389/32$218
=082  04$a778.59/9/05$219
=084  \\$aRU 71$2blsrissc
=210  0\$aProf. video
=222  \0$aProfessional video
=245  00$aProfessional video.
=260  \\$aCroydon :$bLink House Magazines (Croydon),$c1982-1985.
=300  \\$av. :$bill., ports. ;$c30 cm.
=310  \\$aMonthly
=336  \\$atext$2rdacontent
=337  \\$aunmediated$2rdamedia
=338  \\$avolume$2rdacarrier
=362  0\$aVol. 8, no. 11 (Sept. 1982)-v. 11, no. 4 (1985).
=500  \\$aDescription based on: Vol. 9, no. 3 (Jan. 1983.
=540  \\$aCurrent Copyright Fee: GBP25.00$c0$5Uk
=595  \\$aFORMERLY 9234.202 UP TO VOL. 8(10), 1982 CONTD IN 2349.039.
=650  \0$aVideo tape recorders and recording$vPeriodicals.
=780  00$tVideo (Croydon)$x0141-9013
=785  00$tBroadcast systems engineering$x0267-565X
=787  0\$tProfessional video international yearbook$x0266-2256
=852  41$aBritish Library$bDSC$j6864.223000$3Sept. (1982)-Feb (1985)***UKRR Retained Title
=852  41$aBritish Library$bHMNTS$jP.623/1244$3Vol.8, no.11 (Sept. 1982)-
=852  71$aBritish Library$bSTI$k(P)$hRU 71$m-E(2)$2blsrissc$31982-1985; Vol.8, no.12 - vol.11, no.4. ; Deficient: vol.8, no.11, 1982; vol.9, no.1-3, 10-12, 1982-83; vol.10, no.1, 2, 4, 1983-84
=886  2\$2blmarc$a029$b00$aS14532401X$aS145324036
=945  \\$aProfessional video -Croydon-.
=959  \\$fHeld but not currently received
=963  \\$aVOL. 8(11), 1982- 11(3), 1984 *A=1$bN$cL431.B.314
=985  \\$aCorrected by BSS-generated file for WR# 10/166
=ACF  \\$aPrevious Copyright Fee: GBP6.00$c0$e01-oct-2008$fGBP6.00$g0$hC$5Uk
=ACF  \\$aPrevious copyright fee: GBP10.50$c0$e01-jan-2011$fGBP10.50$g0$hA$5Uk
=ACF  \\$aPrevious copyright fee: GBP12.00$c0$e01-jan-2012$fGBP12.00$g0$hA$5Uk
=ACF  \\$aPrevious Copyright Fee: GBP12.30$c0$e01-jan-2014$fGBP12.30$g0$hA$5Uk
=ACF  \\$aPrevious Copyright Fee: GBP15.00$c0$e01-jan-2017$fGBP15.00$g0$hA$5Uk
=ACF  \\$aPrevious Copyright Fee: GBP17.50$c0$e01-jan-2018$fGBP17.50$g0$hA$5Uk
=ACF  \\$aPrevious Copyright Fee: GBP20.00$c0$e01-jan-2020$fGBP20.00$g0$hA$5Uk
=CAT  \\$aBATCH-CLA$b00$c20080829$lBLL01$h1816
=CAT  \\$aBATCH-UPD$b00$c20080930$lBLL01$h2353
=CAT  \\$aBATCH$b00$c20081001$lBLL01$h0111
=CAT  \\$aWR09-126
=CAT  \\$aBATCH-UPD$b00$c20090904$lBLL01$h1722
=CAT  \\$aBATCH$b00$c20091122$lBLL01$h1654
=CAT  \\$aBATCH-UPD$b00$c20101201$lBLL01$h1239
=CAT  \\$aIPL-CLA$c20101231$lBLL01$h1423
=CAT  \\$aWR11_203$c20111204$lBLL01$h1436
=CAT  \\$aIPL-CLA$c20111230$lBLL01$h1926
=CAT  \\$aBATCH-CLA$b00$c20121108$lBLL01$h1737
=CAT  \\$aBATCH-CLA$c20131219$lBLL01$h1848
=CAT  \\$aIPL-CLA$c20131231$lBLL01$h2216
=CAT  \\$a6537$b40$c20140106$lBLL01$h1502
=CAT  \\$aWR14_140$c20140905$lBLL01$h1748
=CAT  \\$aBATCH-CLA$b00$c20161222$lBLL01$h1745
=CAT  \\$aIPL-CLA$c20161230$lBLL01$h2016
=CAT  \\$aBATCH-CLA$b00$c20171222$lBLL01$h2055
=CAT  \\$aIPL-CLA$c20171231$lBLL01$h1543
=CAT  \\$aBATCH-CLA$b00$c20191219$lBLL01$h1712
=CAT  \\$aIPL-CLA$c20191231$lBLL01$h1850
=CAT  \\$aR2001-1524$c20200127$lBLL01$h1951
=CAT  \\$aBATCH-CLA$b00$c20201204$lBLL01$h1511
=CAT  \\$aIPL-CLA$c20201231$lBLL01$h2107
=CAT  \\$aBATCH-CLA$b00$c20221221$lBLL01$h1817
=CAT  \\$aIPL-CLA$c20221231$lBLL01$h2012
=CFI  0\$aCurrent Copyright Fee: GBP25.00$c0$e01-jan-2023$fGBP25.00$g0$hA$5Uk
=CFI  2\$aPrevious Copyright Fee: GBP22.50$c0$e01-jan-2021$fGBP22.50$g0$hA$5Uk
=FIN  \\$aY
=FMT  \\$a  SE
=LAS  \\$aIPL-CLA$b00$c20221231$lBLL01$h2012
=LEO  \\$aMP5.0000531604
=LEO  \\$aMP10.0000462513
=LEO  \\$aMP13.0000272442
=LEO  \\$aMP22.0000011982
=LEO  \\$aMP25.0000046304
=LKR  \\$aPAR$b007519161$lBLL01$r78000$mProfessional video$nVideo (Croydon)
=SRC  \\$aDSS01$bbibmp10.200404.2.aa
=SRC  \\$aBNB03$bbibmp5.200404.2.aa
=SRC  \\$aHSS01$bbibmp13.200404.2.aa
=SRC  \\$aISN01$bbibmp22.200404.2.aa
=SRC  \\$aSRI01$bbibmp25.200404.2.aa
=TCO  \\$aCLA$bCLA$c008

