=LDR  04211 as a22010213a 4500
=001  011750610
=003  Uk
=005  20200331161035.0
=007  ta
=008  810812d19811988enkq|2p\\\\\\\0\\\a0eng\\
=019  1\$ar6802282
=019  c\$a2246102
=022  0\$a0260-8235$202
=040  \\$aUk$cUk$dUk
=042  \0$0issnuk
=210  0\$aManchester pap. dev.
=222  \0$aManchester papers on development
=245  00$aManchester papers on development.
=260  \\$aManchester :$bUniversity of Manchester. Department of Administrative Studies.
=336  \\$atext$2rdacontent
=337  \\$aunmediated$2rdamedia
=338  \\$avolume$2rdacarrier
=362  0\$aNew series, Vol.1, no.1 (Mar. 1985)-
=540  \\$aCurrent copyright fee: GBP32.00$c35\0$5Uk
=580  \\$aPreviously published as a monographic series, catalogued as separate volumes.
=595  \\$aCONTD AS 5007.635 VOL. 1, 1989-
=710  2\$aUniversity of Manchester.$bDepartment of Administrative Studies.
=785  00$tJournal of international development$x0954-1748
=852  41$aBritish Library$bDSC$j5359.613000$3No. 1 (1981)-v. 4, no. 4 (1988)***UKRR Retained Title
=852  41$aBritish Library$bHMNTS$jP.861/934$3New series, Vol.1, no.1 (Mar. 1985)-
=856  \\$31850-9999$uhttp://onlinelibrary.wiley.com/$xBLDSS
=945  \\$aManchester papers on development.
=957  \\$a850419c
=959  \\$fHeld but not currently received
=963  \\$a1981- 1988 *A=1$bN$cL200.C.589
=985  \\$aRecord amended for WR# 13/070
=985  \\$aRecord merged by DQ team
=A02  \\$a2246102
=ACF  \\$aCurrent Copyright Fee: GBP20.00$c0$e01-apr-2005$fGBP20.00$g0$hC$5Uk
=ACF  \\$aPrevious Copyright Fee: GBP20.00$c0$e01-jan-2005$fGBP20.00$g0$hC$5Uk
=ACF  \\$aPrevious Copyright Fee: GBP20.00$c0$e01-oct-2004$fGBP20.00$g0$hC$5Uk
=ACF  \\$aPrevious copyright fee: GBP20.00$c0$e01-jul-2002$fGBP20.00$g0$hC$5Uk
=ACF  \\$aCurrent copyright fee: GBP4.40$c0$e01-jul-1998$fGBP4.40$g0$hA$5Uk
=ACF  \\$aCurrent copyright fee: GBP4.20$c0$e01-apr-1997$fGBP4.20$g0$hA$5Uk
=ACF  \\$aPrevious copyright fee: GBP17.00$c35\0$e06-may-2005$fGBP17.00$g0$hP$5Uk
=ACF  \\$aPrevious copyright fee: GBP22.00$c35\0$e01-jan-2011$fGBP22.00$g0$hP$5Uk
=ACF  \\$aPrevious copyright fee: GBP24.00$c35\0$e01-mar-2015$fGBP24.00$g0$hP$5Uk
=CAT  \\$aCONV$b00$c20040425$lBLL90$h0706
=CAT  \\$c20050401$lBLL01$h0659
=CAT  \\$c20050401$lBLL01$h0812
=CAT  \\$a5552$b40$c20050506$lBLL01$h1430
=CAT  \\$a8456$b40$c20060629$lBLL01$h0950
=CAT  \\$aBATCH-UPD$b40$c20060901$lBLL01$h0949
=CAT  \\$aBATCH-UPD$b40$c20060901$lBLL01$h1025
=CAT  \\$aBATCH-UPD$b40$c20060917$lBLL01$h1852
=CAT  \\$aBATCH-UPD$b40$c20080723$lBLL01$h1045
=CAT  \\$aBATCH$b00$c20091122$lBLL01$h1905
=CAT  \\$aBATCH-UPD$b00$c20101116$lBLL01$h1334
=CAT  \\$aIPL-CLA$c20101231$lBLL01$h1434
=CAT  \\$aBATCH-CLA$b00$c20121108$lBLL01$h1733
=CAT  \\$aWR13.005$c20130323$lBLL01$h1209
=CAT  \\$aWR13_070$b00$c20130504$lBLL01$h0224
=CAT  \\$aWR13_070C$c20130611$lBLL01$h1850
=CAT  \\$aBLDSS-3PM$b00$c20141214$lBLL01$h1520
=CAT  \\$aBATCH-UPD$b00$c20150215$lBLL01$h1654
=CAT  \\$aIPL-CLA$c20150228$lBLL01$h2045
=CAT  \\$aBATCH-UPD$b00$c20160413$lBLL01$h1813
=CAT  \\$aBATCH-UPD$b00$c20170725$lBLL01$h2105
=CAT  \\$aBATCH-UPD$b00$c20180219$lBLL01$h1743
=CAT  \\$aBATCH-UPD$b00$c20181121$lBLL01$h1620
=CAT  \\$aIPL-CLA$c20181231$lBLL01$h1538
=CAT  \\$aBATCH-UPD$b00$c20200219$lBLL01$h1540
=CAT  \\$aIPL-CLA$c20200331$lBLL01$h1610
=CFI  0\$aCurrent copyright fee: GBP32.00$c35\0$e01-apr-2020$fGBP32.00$g0$hP$5Uk
=CFI  2\$aPrevious copyright fee: GBP28.00$c35\0$e01-jan-2019$fGBP28.00$g0$hP$5Uk
=FFP  \\$aY$bBLDSS-3PM
=FIN  \\$aY
=FMT  \\$a  SE
=LAS  \\$aIPL-CLA$b00$c20200331$lBLL01$h1610
=LEO  \\$aMP13.0001149533
=LEO  \\$aMP22.0000008815
=LEO  \\$aMP10.0000357211
=SRC  \\$aHSS01$bbibmp13.200404.2.ab
=SRC  \\$aISN01$bbibmp22.200404.2.aa
=SRC  \\$aDSS01$bbibmp10.200404.2.aa
=TCO  \\$aCLA$bCLA$c008
=TOC  \\$aETOC
=UNO  \\$aY

