=LDR  03808cas a22009137a 4500
=001  012421678
=003  Uk
=005  20221231204617.0
=007  ta
=008  040409d19821988enk\|\p\\\\\\\0\\\a0eng\\
=019  c\$a2315806
=022  0\$a0952-7990$202
=040  \\$aUk$cUk$dUk
=042  \\$aissnul
=210  0\$aNew read. gen. pract.
=222  \0$aNew reading for general practice
=245  00$aNew reading for general practice
=260  \\$aLondon :$bRoyal College of General Practioners.
=336  \\$atext$2rdacontent
=337  \\$aunmediated$2rdamedia
=338  \\$avolume$2rdacarrier
=540  \\$aCurrent Copyright Fee: GBP25.00$c0$5Uk
=595  \\$aFORMERLY 6087.365 UP TO VOL. 7, 1981 CONTD AS 2250.189 1989-
=710  2\$aRoyal College of General Practitioners.
=780  00$tNew reading for general practitioners
=785  00$tBooks for general practice and primary health care$x1367-1804
=852  41$aBritish Library$bHMNTS$jP.323/458$3(1982)- (1988)
=852  41$aBritish Library$bDSC$j6087.364000$3VOL. 8, 1982- 14(1), 1988 *A=1
=945  \\$aNEW READING FOR GENERAL PRACTICE.
=959  \\$fHeld but not currently received
=963  \\$aVOL. 11, 1985- 14(1), 1988 *A=1$bN$cL300.B.567
=985  \\$aRecord merged by DQ team
=985  \\$aCorrected by BSS-generated file for WR# 10/166
=A02  \\$a2315806
=ACF  \\$aPrevious copyright fee: GBP5.00$c0$e01-jul-2002$fGBP5.00$g0$hC$5Uk
=ACF  \\$aCurrent copyright fee: GBP4.40$c0$e01-jul-1998$fGBP4.40$g0$hA$5Uk
=ACF  \\$aCurrent copyright fee: GBP4.20$c0$e01-apr-1997$fGBP4.20$g0$hA$5Uk
=ACF  \\$aPrevious copyright fee: GBP10.50$c0$e01-jan-2011$fGBP10.50$g0$hA$5Uk
=ACF  \\$aPrevious copyright fee: GBP12.00$c0$e01-jan-2012$fGBP12.00$g0$hA$5Uk
=ACF  \\$aPrevious Copyright Fee: GBP12.30$c0$e01-jan-2014$fGBP12.30$g0$hA$5Uk
=ACF  \\$aPrevious Copyright Fee: GBP15.00$c0$e01-jan-2017$fGBP15.00$g0$hA$5Uk
=ACF  \\$aPrevious Copyright Fee: GBP17.50$c0$e01-jan-2018$fGBP17.50$g0$hA$5Uk
=ACF  \\$aPrevious Copyright Fee: GBP20.00$c0$e01-jan-2020$fGBP20.00$g0$hA$5Uk
=CAT  \\$aCONV$b00$c20040425$lBLL90$h0707
=CAT  \\$aBATCH$b00$c20091210$lBLL01$h2325
=CAT  \\$aBATCH$b00$c20091214$lBLL01$h0840
=CAT  \\$aBATCH$b00$c20091216$lBLL01$h0214
=CAT  \\$aBLSS-CORR$b00$c20101119$lBLL01$h1722
=CAT  \\$aBATCH-UPD$b00$c20101201$lBLL01$h1247
=CAT  \\$aIPL-CLA$c20101231$lBLL01$h1504
=CAT  \\$aWR11_203$c20111204$lBLL01$h1503
=CAT  \\$aIPL-CLA$c20111230$lBLL01$h2009
=CAT  \\$a8456$b40$c20120910$lBLL01$h1502
=CAT  \\$a8456$b40$c20120910$lBLL01$h1509
=CAT  \\$aBATCH-CLA$b00$c20121109$lBLL01$h1735
=CAT  \\$aWR13.005$c20130323$lBLL01$h1505
=CAT  \\$aBATCH-CLA$c20131220$lBLL01$h2018
=CAT  \\$aIPL-CLA$c20131231$lBLL01$h2321
=CAT  \\$aBATCH-CLA$b00$c20161222$lBLL01$h1759
=CAT  \\$aIPL-CLA$c20161230$lBLL01$h2110
=CAT  \\$aBATCH-CLA$b00$c20171222$lBLL01$h2119
=CAT  \\$aIPL-CLA$c20171231$lBLL01$h1620
=CAT  \\$aBATCH-CLA$b00$c20191219$lBLL01$h1727
=CAT  \\$aIPL-CLA$c20191231$lBLL01$h1920
=CAT  \\$aR2001-1524$c20200127$lBLL01$h2000
=CAT  \\$aBATCH-CLA$b00$c20201204$lBLL01$h1528
=CAT  \\$aIPL-CLA$c20201231$lBLL01$h2142
=CAT  \\$aBATCH-CLA$b00$c20221221$lBLL01$h1835
=CAT  \\$aIPL-CLA$c20221231$lBLL01$h2046
=CFI  0\$aCurrent Copyright Fee: GBP25.00$c0$e01-jan-2023$fGBP25.00$g0$hA$5Uk
=CFI  2\$aPrevious Copyright Fee: GBP22.50$c0$e01-jan-2021$fGBP22.50$g0$hA$5Uk
=FIN  \\$aY
=FMT  \\$a  SE
=LAS  \\$aIPL-CLA$b00$c20221231$lBLL01$h2046
=LEO  \\$aMP22.0000026592
=LEO  \\$aMP10.0000398551
=SRC  \\$aISN01$bbibmp22.200404.2.aa
=SRC  \\$aDSS01$bbibmp10.200404.2.aa
=TCO  \\$aCLA$bCLA$c008

